@book{artificial-intelligence-negnevitsky,
  author = "Michael Negnevitsky",
  title = "Artificial Intelligence: A Guide to Intelligent Systems",
  publisher = "Addison Wesley",
  edition = "second",
  year = "2005",
}
